@book{joe_book,
    author = {Brown, Joe and Bob, Joe},
    title = {Cool Computers},
    year = {2000},
    publisher = {Epic Publishers},
    address = {Cincinatti},
    edition = {8th},
    isbn = {000-0-0000-0000-0},
    keywords = {Computer Science, Science},
    language = {English},
    note = {A comprehensive guide to da cool computers.},
}

@article{fuzz_article,
    Author = {Fuzz, Fizz},
    Date = {1959},
    Issn = {0000-0000},
    Journaltitle = {Fooville Univ. Journal},
    Pages = {95--108},
    Title = {Foo Bar and Apples Oranges},
    Volume = {10},
}
